<record><leader>00000cas a22000007a 4500</leader><controlfield tag="001">11167729</controlfield><controlfield tag="008">840918d18421844inuwr ne      0    0eng d</controlfield><datafield ind1=" " ind2=" " tag="010"><subfield code="a">sn 84037963 </subfield></datafield><datafield ind1=" " ind2=" " tag="040"><subfield code="a">NPX</subfield><subfield code="b">eng</subfield><subfield code="c">NPX</subfield><subfield code="d">NPI</subfield><subfield code="d">OCLCQ</subfield></datafield><datafield ind1=" " ind2=" " tag="042"><subfield code="a">msc</subfield></datafield><datafield ind1="0" ind2="0" tag="245"><subfield code="a">Western union Democrat.</subfield></datafield><datafield ind1=" " ind2=" " tag="260"><subfield code="a">New-Albany, Ind. :</subfield><subfield code="b">P.M. Kent</subfield></datafield><datafield ind1=" " ind2=" " tag="310"><subfield code="a">Weekly</subfield></datafield><datafield ind1="1" ind2=" " tag="362"><subfield code="a">Began in 1842? Ceased about 1844.</subfield></datafield><datafield ind1="1" ind2=" " tag="362"><subfield code="a">Ceased about 1844.</subfield></datafield><datafield ind1=" " ind2=" " tag="580"><subfield code="a">May have been continued by: Southwestern Democrat (non-extant?). Cf. Miller, J.W. Ind. newspaper bibl.</subfield></datafield><datafield ind1=" " ind2=" " tag="588"><subfield code="a">Description based on: Vol. 1, no. 37 (Oct. 1, 1842).</subfield></datafield><datafield ind1=" " ind2=" " tag="752"><subfield code="a">United States</subfield><subfield code="b">Indiana</subfield><subfield code="c">Floyd</subfield><subfield code="d">New Albany.</subfield></datafield><datafield ind1="0" ind2="0" tag="780"><subfield code="t">New-Albany register</subfield><subfield code="w">(DLC)sn 87056352</subfield></datafield><datafield ind1="1" ind2="0" tag="785"><subfield code="t">Southwestern Democrat</subfield></datafield><datafield ind1="1" ind2=" " tag="029"><subfield code="a">AU@</subfield><subfield code="b">000025817219</subfield></datafield></record>